%YAML 1.1
%TAG !u! tag:unity3d.com,2011:
--- !u!29 &1
OcclusionCullingSettings:
  m_ObjectHideFlags: 0
  serializedVersion: 2
  m_OcclusionBakeSettings:
    smallestOccluder: 5
    smallestHole: 0.25
    backfaceThreshold: 100
  m_SceneGUID: 00000000000000000000000000000000
  m_OcclusionCullingData: {fileID: 0}
--- !u!104 &2
RenderSettings:
  m_ObjectHideFlags: 0
  serializedVersion: 9
  m_Fog: 0
  m_FogColor: {r: 0.5, g: 0.5, b: 0.5, a: 1}
  m_FogMode: 3
  m_FogDensity: 0.01
  m_LinearFogStart: 0
  m_LinearFogEnd: 300
  m_AmbientSkyColor: {r: 0.212, g: 0.227, b: 0.259, a: 1}
  m_AmbientEquatorColor: {r: 0.114, g: 0.125, b: 0.133, a: 1}
  m_AmbientGroundColor: {r: 0.047, g: 0.043, b: 0.035, a: 1}
  m_AmbientIntensity: 1
  m_AmbientMode: 0
  m_SubtractiveShadowColor: {r: 0.42, g: 0.478, b: 0.627, a: 1}
  m_SkyboxMaterial: {fileID: 10304, guid: 0000000000000000f000000000000000, type: 0}
  m_HaloStrength: 0.5
  m_FlareStrength: 1
  m_FlareFadeSpeed: 3
  m_HaloTexture: {fileID: 0}
  m_SpotCookie: {fileID: 10001, guid: 0000000000000000e000000000000000, type: 0}
  m_DefaultReflectionMode: 0
  m_DefaultReflectionResolution: 128
  m_ReflectionBounces: 1
  m_ReflectionIntensity: 1
  m_CustomReflection: {fileID: 0}
  m_Sun: {fileID: 0}
  m_IndirectSpecularColor: {r: 0.44657886, g: 0.4964128, b: 0.5748176, a: 1}
  m_UseRadianceAmbientProbe: 0
--- !u!157 &3
LightmapSettings:
  m_ObjectHideFlags: 0
  serializedVersion: 11
  m_GIWorkflowMode: 0
  m_GISettings:
    serializedVersion: 2
    m_BounceScale: 1
    m_IndirectOutputScale: 1
    m_AlbedoBoost: 1
    m_TemporalCoherenceThreshold: 1
    m_EnvironmentLightingMode: 0
    m_EnableBakedLightmaps: 1
    m_EnableRealtimeLightmaps: 1
  m_LightmapEditorSettings:
    serializedVersion: 10
    m_Resolution: 2
    m_BakeResolution: 40
    m_AtlasSize: 1024
    m_AO: 0
    m_AOMaxDistance: 1
    m_CompAOExponent: 0
    m_CompAOExponentDirect: 0
    m_Padding: 2
    m_LightmapParameters: {fileID: 0}
    m_LightmapsBakeMode: 1
    m_TextureCompression: 1
    m_FinalGather: 0
    m_FinalGatherFiltering: 1
    m_FinalGatherRayCount: 1024
    m_ReflectionCompression: 2
    m_MixedBakeMode: 1
    m_BakeBackend: 0
    m_PVRSampling: 1
    m_PVRDirectSampleCount: 32
    m_PVRSampleCount: 500
    m_PVRBounces: 2
    m_PVRFilterTypeDirect: 0
    m_PVRFilterTypeIndirect: 0
    m_PVRFilterTypeAO: 0
    m_PVRFilteringMode: 0
    m_PVRCulling: 1
    m_PVRFilteringGaussRadiusDirect: 1
    m_PVRFilteringGaussRadiusIndirect: 5
    m_PVRFilteringGaussRadiusAO: 2
    m_PVRFilteringAtrousPositionSigmaDirect: 0.5
    m_PVRFilteringAtrousPositionSigmaIndirect: 2
    m_PVRFilteringAtrousPositionSigmaAO: 1
    m_ShowResolutionOverlay: 1
  m_LightingDataAsset: {fileID: 0}
  m_UseShadowmask: 0
--- !u!196 &4
NavMeshSettings:
  serializedVersion: 2
  m_ObjectHideFlags: 0
  m_BuildSettings:
    serializedVersion: 2
    agentTypeID: 0
    agentRadius: 0.5
    agentHeight: 2
    agentSlope: 45
    agentClimb: 0.4
    ledgeDropHeight: 0
    maxJumpAcrossDistance: 0
    minRegionArea: 2
    manualCellSize: 0
    cellSize: 0.16666667
    manualTileSize: 0
    tileSize: 256
    accuratePlacement: 0
    debug:
      m_Flags: 0
  m_NavMeshData: {fileID: 0}
--- !u!1 &109431946
GameObject:
  m_ObjectHideFlags: 0
  m_CorrespondingSourceObject: {fileID: 120976, guid: 8c66e2fd21d94be41ab66f591a280f29,
    type: 2}
  m_PrefabInternal: {fileID: 1251073410}
  serializedVersion: 6
  m_Component:
  - component: {fileID: 109431947}
  m_Layer: 0
  m_Name: Bone054
  m_TagString: Untagged
  m_Icon: {fileID: 0}
  m_NavMeshLayer: 0
  m_StaticEditorFlags: 0
  m_IsActive: 1
--- !u!4 &109431947
Transform:
  m_ObjectHideFlags: 0
  m_CorrespondingSourceObject: {fileID: 423438, guid: 8c66e2fd21d94be41ab66f591a280f29,
    type: 2}
  m_PrefabInternal: {fileID: 1251073410}
  m_GameObject: {fileID: 109431946}
  m_LocalRotation: {x: -0.00044572572, y: -0.0055130976, z: 0.9362092, w: 0.35139984}
  m_LocalPosition: {x: -0.9641537, y: -0.9985665, z: -0.024499817}
  m_LocalScale: {x: 1, y: 1, z: 1}
  m_Children:
  - {fileID: 975645040}
  m_Father: {fileID: 866712551}
  m_RootOrder: 8
  m_LocalEulerAnglesHint: {x: 0, y: 0, z: 0}
--- !u!1 &163260167
GameObject:
  m_ObjectHideFlags: 0
  m_CorrespondingSourceObject: {fileID: 194452, guid: 8c66e2fd21d94be41ab66f591a280f29,
    type: 2}
  m_PrefabInternal: {fileID: 1251073410}
  serializedVersion: 6
  m_Component:
  - component: {fileID: 163260168}
  m_Layer: 0
  m_Name: Bone048
  m_TagString: Untagged
  m_Icon: {fileID: 0}
  m_NavMeshLayer: 0
  m_StaticEditorFlags: 0
  m_IsActive: 1
--- !u!4 &163260168
Transform:
  m_ObjectHideFlags: 0
  m_CorrespondingSourceObject: {fileID: 430494, guid: 8c66e2fd21d94be41ab66f591a280f29,
    type: 2}
  m_PrefabInternal: {fileID: 1251073410}
  m_GameObject: {fileID: 163260167}
  m_LocalRotation: {x: 0.012797271, y: -0.111576706, z: 0.19534059, w: 0.9742838}
  m_LocalPosition: {x: -0.42661783, y: -0.00000015258789, z: 0}
  m_LocalScale: {x: 1, y: 1, z: 1}
  m_Children: []
  m_Father: {fileID: 1266838936}
  m_RootOrder: 0
  m_LocalEulerAnglesHint: {x: 0, y: 0, z: 0}
--- !u!1 &244610501
GameObject:
  m_ObjectHideFlags: 0
  m_CorrespondingSourceObject: {fileID: 149402, guid: 8c66e2fd21d94be41ab66f591a280f29,
    type: 2}
  m_PrefabInternal: {fileID: 1251073410}
  serializedVersion: 6
  m_Component:
  - component: {fileID: 244610502}
  m_Layer: 0
  m_Name: Bone010
  m_TagString: Untagged
  m_Icon: {fileID: 0}
  m_NavMeshLayer: 0
  m_StaticEditorFlags: 0
  m_IsActive: 1
--- !u!4 &244610502
Transform:
  m_ObjectHideFlags: 0
  m_CorrespondingSourceObject: {fileID: 490290, guid: 8c66e2fd21d94be41ab66f591a280f29,
    type: 2}
  m_PrefabInternal: {fileID: 1251073410}
  m_GameObject: {fileID: 244610501}
  m_LocalRotation: {x: 0.9150783, y: -0.018048909, z: -0.40279388, w: -0.007944663}
  m_LocalPosition: {x: -1.2039996, y: 0.014098508, z: 0.1329367}
  m_LocalScale: {x: 1, y: 1, z: 0.99999994}
  m_Children: []
  m_Father: {fileID: 866712551}
  m_RootOrder: 1
  m_LocalEulerAnglesHint: {x: 0, y: 0, z: 0}
--- !u!1 &298384389
GameObject:
  m_ObjectHideFlags: 0
  m_CorrespondingSourceObject: {fileID: 159456, guid: 8c66e2fd21d94be41ab66f591a280f29,
    type: 2}
  m_PrefabInternal: {fileID: 1251073410}
  serializedVersion: 6
  m_Component:
  - component: {fileID: 298384390}
  m_Layer: 0
  m_Name: Bone039
  m_TagString: Untagged
  m_Icon: {fileID: 0}
  m_NavMeshLayer: 0
  m_StaticEditorFlags: 0
  m_IsActive: 1
--- !u!4 &298384390
Transform:
  m_ObjectHideFlags: 0
  m_CorrespondingSourceObject: {fileID: 445094, guid: 8c66e2fd21d94be41ab66f591a280f29,
    type: 2}
  m_PrefabInternal: {fileID: 1251073410}
  m_GameObject: {fileID: 298384389}
  m_LocalRotation: {x: 0.5795573, y: -0.22554177, z: 0.39929065, w: 0.67365515}
  m_LocalPosition: {x: -0.63261247, y: 0.36253178, z: 0.34820405}
  m_LocalScale: {x: -0.9999998, y: -1.0000002, z: -0.99999976}
  m_Children:
  - {fileID: 1269207714}
  m_Father: {fileID: 866712551}
  m_RootOrder: 5
  m_LocalEulerAnglesHint: {x: 0, y: 0, z: 0}
--- !u!1 &401463122
GameObject:
  m_ObjectHideFlags: 0
  m_CorrespondingSourceObject: {fileID: 109468, guid: 8c66e2fd21d94be41ab66f591a280f29,
    type: 2}
  m_PrefabInternal: {fileID: 1251073410}
  serializedVersion: 6
  m_Component:
  - component: {fileID: 401463123}
  m_Layer: 0
  m_Name: Bone020
  m_TagString: Untagged
  m_Icon: {fileID: 0}
  m_NavMeshLayer: 0
  m_StaticEditorFlags: 0
  m_IsActive: 1
--- !u!4 &401463123
Transform:
  m_ObjectHideFlags: 0
  m_CorrespondingSourceObject: {fileID: 433848, guid: 8c66e2fd21d94be41ab66f591a280f29,
    type: 2}
  m_PrefabInternal: {fileID: 1251073410}
  m_GameObject: {fileID: 401463122}
  m_LocalRotation: {x: 0.000000007442064, y: 3.5614053e-10, z: 0.047800373, w: 0.9988569}
  m_LocalPosition: {x: -0.7715555, y: -0.00000015258789, z: 0.000000038146972}
  m_LocalScale: {x: 1, y: 1, z: 1}
  m_Children: []
  m_Father: {fileID: 485022612}
  m_RootOrder: 0
  m_LocalEulerAnglesHint: {x: 0, y: 0, z: 0}
--- !u!1 &448464919
GameObject:
  m_ObjectHideFlags: 0
  m_CorrespondingSourceObject: {fileID: 195574, guid: 8c66e2fd21d94be41ab66f591a280f29,
    type: 2}
  m_PrefabInternal: {fileID: 1251073410}
  serializedVersion: 6
  m_Component:
  - component: {fileID: 448464920}
  m_Layer: 0
  m_Name: Bone061
  m_TagString: Untagged
  m_Icon: {fileID: 0}
  m_NavMeshLayer: 0
  m_StaticEditorFlags: 0
  m_IsActive: 1
--- !u!4 &448464920
Transform:
  m_ObjectHideFlags: 0
  m_CorrespondingSourceObject: {fileID: 450874, guid: 8c66e2fd21d94be41ab66f591a280f29,
    type: 2}
  m_PrefabInternal: {fileID: 1251073410}
  m_GameObject: {fileID: 448464919}
  m_LocalRotation: {x: -0.020464208, y: -0.1625319, z: -0.008460416, w: 0.9864548}
  m_LocalPosition: {x: -0.765278, y: 0.101959795, z: -0.6092693}
  m_LocalScale: {x: 0.9999994, y: 0.9999997, z: 0.9999999}
  m_Children: []
  m_Father: {fileID: 896748518}
  m_RootOrder: 0
  m_LocalEulerAnglesHint: {x: 0, y: 0, z: 0}
--- !u!1 &485022611
GameObject:
  m_ObjectHideFlags: 0
  m_CorrespondingSourceObject: {fileID: 121688, guid: 8c66e2fd21d94be41ab66f591a280f29,
    type: 2}
  m_PrefabInternal: {fileID: 1251073410}
  serializedVersion: 6
  m_Component:
  - component: {fileID: 485022612}
  m_Layer: 0
  m_Name: Bone019
  m_TagString: Untagged
  m_Icon: {fileID: 0}
  m_NavMeshLayer: 0
  m_StaticEditorFlags: 0
  m_IsActive: 1
--- !u!4 &485022612
Transform:
  m_ObjectHideFlags: 0
  m_CorrespondingSourceObject: {fileID: 421494, guid: 8c66e2fd21d94be41ab66f591a280f29,
    type: 2}
  m_PrefabInternal: {fileID: 1251073410}
  m_GameObject: {fileID: 485022611}
  m_LocalRotation: {x: 0.0008872172, y: -0.031446617, z: 0.02818542, w: 0.9991076}
  m_LocalPosition: {x: -0.7494818, y: 0.00000015258789, z: 0.000000114440915}
  m_LocalScale: {x: 1, y: 1, z: 1}
  m_Children:
  - {fileID: 401463123}
  m_Father: {fileID: 1240238474}
  m_RootOrder: 0
  m_LocalEulerAnglesHint: {x: 0, y: 0, z: 0}
--- !u!1 &678580685
GameObject:
  m_ObjectHideFlags: 0
  m_CorrespondingSourceObject: {fileID: 140334, guid: 8c66e2fd21d94be41ab66f591a280f29,
    type: 2}
  m_PrefabInternal: {fileID: 1251073410}
  serializedVersion: 6
  m_Component:
  - component: {fileID: 678580686}
  m_Layer: 0
  m_Name: Bone058
  m_TagString: Untagged
  m_Icon: {fileID: 0}
  m_NavMeshLayer: 0
  m_StaticEditorFlags: 0
  m_IsActive: 1
--- !u!4 &678580686
Transform:
  m_ObjectHideFlags: 0
  m_CorrespondingSourceObject: {fileID: 448256, guid: 8c66e2fd21d94be41ab66f591a280f29,
    type: 2}
  m_PrefabInternal: {fileID: 1251073410}
  m_GameObject: {fileID: 678580685}
  m_LocalRotation: {x: 0.6651865, y: -0.20763595, z: 0.18569244, w: 0.6927716}
  m_LocalPosition: {x: -0.7869658, y: 0, z: 0}
  m_LocalScale: {x: 0.99999994, y: 0.99999994, z: 1}
  m_Children: []
  m_Father: {fileID: 991247572}
  m_RootOrder: 0
  m_LocalEulerAnglesHint: {x: 0, y: 0, z: 0}
--- !u!1 &854745951
GameObject:
  m_ObjectHideFlags: 0
  m_CorrespondingSourceObject: {fileID: 119472, guid: 8c66e2fd21d94be41ab66f591a280f29,
    type: 2}
  m_PrefabInternal: {fileID: 1251073410}
  serializedVersion: 6
  m_Component:
  - component: {fileID: 854745952}
  m_Layer: 0
  m_Name: Bone036
  m_TagString: Untagged
  m_Icon: {fileID: 0}
  m_NavMeshLayer: 0
  m_StaticEditorFlags: 0
  m_IsActive: 1
--- !u!4 &854745952
Transform:
  m_ObjectHideFlags: 0
  m_CorrespondingSourceObject: {fileID: 426518, guid: 8c66e2fd21d94be41ab66f591a280f29,
    type: 2}
  m_PrefabInternal: {fileID: 1251073410}
  m_GameObject: {fileID: 854745951}
  m_LocalRotation: {x: 0.6205894, y: 0.3389231, z: 0.6165784, w: 0.34616613}
  m_LocalPosition: {x: -1.9122738, y: -0.91851515, z: -0.3475318}
  m_LocalScale: {x: 1.0000002, y: 1.0000001, z: 1}
  m_Children:
  - {fileID: 1145134135}
  m_Father: {fileID: 866712551}
  m_RootOrder: 4
  m_LocalEulerAnglesHint: {x: 0, y: 0, z: 0}
--- !u!1 &866712550
GameObject:
  m_ObjectHideFlags: 0
  m_CorrespondingSourceObject: {fileID: 110186, guid: 8c66e2fd21d94be41ab66f591a280f29,
    type: 2}
  m_PrefabInternal: {fileID: 1251073410}
  serializedVersion: 6
  m_Component:
  - component: {fileID: 866712551}
  m_Layer: 0
  m_Name: Bone001
  m_TagString: Untagged
  m_Icon: {fileID: 0}
  m_NavMeshLayer: 0
  m_StaticEditorFlags: 0
  m_IsActive: 1
--- !u!4 &866712551
Transform:
  m_ObjectHideFlags: 0
  m_CorrespondingSourceObject: {fileID: 492792, guid: 8c66e2fd21d94be41ab66f591a280f29,
    type: 2}
  m_PrefabInternal: {fileID: 1251073410}
  m_GameObject: {fileID: 866712550}
  m_LocalRotation: {x: -0.5029187, y: -0.49706414, z: -0.49706414, w: 0.5029187}
  m_LocalPosition: {x: 0, y: 1.562329, z: 3.1111956}
  m_LocalScale: {x: 1, y: 1, z: 1}
  m_Children:
  - {fileID: 1994078083}
  - {fileID: 244610502}
  - {fileID: 1240238474}
  - {fileID: 2090606615}
  - {fileID: 854745952}
  - {fileID: 298384390}
  - {fileID: 1520645759}
  - {fileID: 2008304307}
  - {fileID: 109431947}
  - {fileID: 991247572}
  - {fileID: 1453481814}
  m_Father: {fileID: 958199920}
  m_RootOrder: 0
  m_LocalEulerAnglesHint: {x: 0, y: 0, z: 0}
--- !u!1 &896748517
GameObject:
  m_ObjectHideFlags: 0
  m_CorrespondingSourceObject: {fileID: 151778, guid: 8c66e2fd21d94be41ab66f591a280f29,
    type: 2}
  m_PrefabInternal: {fileID: 1251073410}
  serializedVersion: 6
  m_Component:
  - component: {fileID: 896748518}
  m_Layer: 0
  m_Name: Bone060
  m_TagString: Untagged
  m_Icon: {fileID: 0}
  m_NavMeshLayer: 0
  m_StaticEditorFlags: 0
  m_IsActive: 1
--- !u!4 &896748518
Transform:
  m_ObjectHideFlags: 0
  m_CorrespondingSourceObject: {fileID: 405682, guid: 8c66e2fd21d94be41ab66f591a280f29,
    type: 2}
  m_PrefabInternal: {fileID: 1251073410}
  m_GameObject: {fileID: 896748517}
  m_LocalRotation: {x: 0.023515755, y: 0.1641766, z: 0.022799123, w: 0.98588705}
  m_LocalPosition: {x: -0.8249786, y: 0.00000045776366, z: 0}
  m_LocalScale: {x: 1.0000002, y: 1.0000002, z: 1.0000002}
  m_Children:
  - {fileID: 448464920}
  m_Father: {fileID: 1453481814}
  m_RootOrder: 0
  m_LocalEulerAnglesHint: {x: 0, y: 0, z: 0}
--- !u!1 &958199918
GameObject:
  m_ObjectHideFlags: 0
  m_CorrespondingSourceObject: {fileID: 119272, guid: 8c66e2fd21d94be41ab66f591a280f29,
    type: 2}
  m_PrefabInternal: {fileID: 1251073410}
  serializedVersion: 6
  m_Component:
  - component: {fileID: 958199920}
  - component: {fileID: 958199919}
  m_Layer: 0
  m_Name: Shell_Crab
  m_TagString: Untagged
  m_Icon: {fileID: 0}
  m_NavMeshLayer: 0
  m_StaticEditorFlags: 0
  m_IsActive: 1
--- !u!95 &958199919
Animator:
  serializedVersion: 3
  m_ObjectHideFlags: 0
  m_CorrespondingSourceObject: {fileID: 9525888, guid: 8c66e2fd21d94be41ab66f591a280f29,
    type: 2}
  m_PrefabInternal: {fileID: 1251073410}
  m_GameObject: {fileID: 958199918}
  m_Enabled: 1
  m_Avatar: {fileID: 9000000, guid: c237153f6d7c38c4ab2b9dcff68da089, type: 3}
  m_Controller: {fileID: 9100000, guid: 849a583deab3f374eacc66c1572db79b, type: 2}
  m_CullingMode: 1
  m_UpdateMode: 0
  m_ApplyRootMotion: 0
  m_LinearVelocityBlending: 0
  m_WarningMessage: 
  m_HasTransformHierarchy: 1
  m_AllowConstantClipSamplingOptimization: 1
  m_KeepAnimatorControllerStateOnDisable: 0
--- !u!4 &958199920
Transform:
  m_ObjectHideFlags: 0
  m_CorrespondingSourceObject: {fileID: 460866, guid: 8c66e2fd21d94be41ab66f591a280f29,
    type: 2}
  m_PrefabInternal: {fileID: 1251073410}
  m_GameObject: {fileID: 958199918}
  m_LocalRotation: {x: 0, y: 0, z: 0, w: 1}
  m_LocalPosition: {x: 0, y: 0, z: 0}
  m_LocalScale: {x: 1, y: 1, z: 1}
  m_Children:
  - {fileID: 866712551}
  - {fileID: 1972711503}
  m_Father: {fileID: 0}
  m_RootOrder: 2
  m_LocalEulerAnglesHint: {x: 0, y: 0, z: 0}
--- !u!1 &975645039
GameObject:
  m_ObjectHideFlags: 0
  m_CorrespondingSourceObject: {fileID: 126048, guid: 8c66e2fd21d94be41ab66f591a280f29,
    type: 2}
  m_PrefabInternal: {fileID: 1251073410}
  serializedVersion: 6
  m_Component:
  - component: {fileID: 975645040}
  m_Layer: 0
  m_Name: Bone055
  m_TagString: Untagged
  m_Icon: {fileID: 0}
  m_NavMeshLayer: 0
  m_StaticEditorFlags: 0
  m_IsActive: 1
--- !u!4 &975645040
Transform:
  m_ObjectHideFlags: 0
  m_CorrespondingSourceObject: {fileID: 473402, guid: 8c66e2fd21d94be41ab66f591a280f29,
    type: 2}
  m_PrefabInternal: {fileID: 1251073410}
  m_GameObject: {fileID: 975645039}
  m_LocalRotation: {x: 0.02351575, y: 0.16417657, z: 0.022799116, w: 0.98588705}
  m_LocalPosition: {x: -0.82497895, y: 0.000000076293944, z: 0}
  m_LocalScale: {x: 1, y: 1, z: 1}
  m_Children:
  - {fileID: 1173063914}
  m_Father: {fileID: 109431947}
  m_RootOrder: 0
  m_LocalEulerAnglesHint: {x: 0, y: 0, z: 0}
--- !u!1 &991247571
GameObject:
  m_ObjectHideFlags: 0
  m_CorrespondingSourceObject: {fileID: 135200, guid: 8c66e2fd21d94be41ab66f591a280f29,
    type: 2}
  m_PrefabInternal: {fileID: 1251073410}
  serializedVersion: 6
  m_Component:
  - component: {fileID: 991247572}
  m_Layer: 0
  m_Name: Bone057
  m_TagString: Untagged
  m_Icon: {fileID: 0}
  m_NavMeshLayer: 0
  m_StaticEditorFlags: 0
  m_IsActive: 1
--- !u!4 &991247572
Transform:
  m_ObjectHideFlags: 0
  m_CorrespondingSourceObject: {fileID: 457990, guid: 8c66e2fd21d94be41ab66f591a280f29,
    type: 2}
  m_PrefabInternal: {fileID: 1251073410}
  m_GameObject: {fileID: 991247571}
  m_LocalRotation: {x: 0.9306185, y: 0.3654485, z: 0.01853939, w: -0.0072802543}
  m_LocalPosition: {x: -0.3777185, y: 0.2499997, z: -0.18089385}
  m_LocalScale: {x: -1.0000002, y: -1.0000002, z: -1}
  m_Children:
  - {fileID: 678580686}
  m_Father: {fileID: 866712551}
  m_RootOrder: 9
  m_LocalEulerAnglesHint: {x: 0, y: 0, z: 0}
--- !u!1 &1011191668
GameObject:
  m_ObjectHideFlags: 0
  m_CorrespondingSourceObject: {fileID: 104996, guid: 8c66e2fd21d94be41ab66f591a280f29,
    type: 2}
  m_PrefabInternal: {fileID: 1251073410}
  serializedVersion: 6
  m_Component:
  - component: {fileID: 1011191669}
  m_Layer: 0
  m_Name: Bone041
  m_TagString: Untagged
  m_Icon: {fileID: 0}
  m_NavMeshLayer: 0
  m_StaticEditorFlags: 0
  m_IsActive: 1
--- !u!4 &1011191669
Transform:
  m_ObjectHideFlags: 0
  m_CorrespondingSourceObject: {fileID: 433130, guid: 8c66e2fd21d94be41ab66f591a280f29,
    type: 2}
  m_PrefabInternal: {fileID: 1251073410}
  m_GameObject: {fileID: 1011191668}
  m_LocalRotation: {x: 0, y: 0, z: 0.047800355, w: 0.9988569}
  m_LocalPosition: {x: -0.7715555, y: -0.00000045776366, z: 0.00000019073485}
  m_LocalScale: {x: 1, y: 1, z: 1}
  m_Children: []
  m_Father: {fileID: 1269207714}
  m_RootOrder: 0
  m_LocalEulerAnglesHint: {x: 0, y: 0, z: 0}
--- !u!1 &1011565710
GameObject:
  m_ObjectHideFlags: 0
  m_CorrespondingSourceObject: {fileID: 0}
  m_PrefabInternal: {fileID: 0}
  serializedVersion: 6
  m_Component:
  - component: {fileID: 1011565715}
  - component: {fileID: 1011565714}
  - component: {fileID: 1011565713}
  - component: {fileID: 1011565712}
  - component: {fileID: 1011565711}
  m_Layer: 0
  m_Name: Main Camera
  m_TagString: MainCamera
  m_Icon: {fileID: 0}
  m_NavMeshLayer: 0
  m_StaticEditorFlags: 0
  m_IsActive: 1
--- !u!81 &1011565711
AudioListener:
  m_ObjectHideFlags: 0
  m_CorrespondingSourceObject: {fileID: 0}
  m_PrefabInternal: {fileID: 0}
  m_GameObject: {fileID: 1011565710}
  m_Enabled: 1
--- !u!124 &1011565712
Behaviour:
  m_ObjectHideFlags: 0
  m_CorrespondingSourceObject: {fileID: 0}
  m_PrefabInternal: {fileID: 0}
  m_GameObject: {fileID: 1011565710}
  m_Enabled: 1
--- !u!92 &1011565713
Behaviour:
  m_ObjectHideFlags: 0
  m_CorrespondingSourceObject: {fileID: 0}
  m_PrefabInternal: {fileID: 0}
  m_GameObject: {fileID: 1011565710}
  m_Enabled: 1
--- !u!20 &1011565714
Camera:
  m_ObjectHideFlags: 0
  m_CorrespondingSourceObject: {fileID: 0}
  m_PrefabInternal: {fileID: 0}
  m_GameObject: {fileID: 1011565710}
  m_Enabled: 1
  serializedVersion: 2
  m_ClearFlags: 1
  m_BackGroundColor: {r: 0.19215687, g: 0.3019608, b: 0.4745098, a: 0.019607844}
  m_projectionMatrixMode: 1
  m_SensorSize: {x: 36, y: 24}
  m_LensShift: {x: 0, y: 0}
  m_FocalLength: 50
  m_NormalizedViewPortRect:
    serializedVersion: 2
    x: 0
    y: 0
    width: 1
    height: 1
  near clip plane: 0.3
  far clip plane: 1000
  field of view: 60
  orthographic: 0
  orthographic size: 5
  m_Depth: -1
  m_CullingMask:
    serializedVersion: 2
    m_Bits: 4294967295
  m_RenderingPath: -1
  m_TargetTexture: {fileID: 0}
  m_TargetDisplay: 0
  m_TargetEye: 3
  m_HDR: 0
  m_AllowMSAA: 1
  m_AllowDynamicResolution: 0
  m_ForceIntoRT: 0
  m_OcclusionCulling: 1
  m_StereoConvergence: 10
  m_StereoSeparation: 0.022
--- !u!4 &1011565715
Transform:
  m_ObjectHideFlags: 0
  m_CorrespondingSourceObject: {fileID: 0}
  m_PrefabInternal: {fileID: 0}
  m_GameObject: {fileID: 1011565710}
  m_LocalRotation: {x: -0.030684827, y: 0.9774861, z: -0.13822526, w: -0.15643923}
  m_LocalPosition: {x: 4.5, y: 5.68, z: 13.21}
  m_LocalScale: {x: 1, y: 1, z: 1}
  m_Children: []
  m_Father: {fileID: 0}
  m_RootOrder: 0
  m_LocalEulerAnglesHint: {x: 0, y: 0, z: 0}
--- !u!1 &1145134134
GameObject:
  m_ObjectHideFlags: 0
  m_CorrespondingSourceObject: {fileID: 159322, guid: 8c66e2fd21d94be41ab66f591a280f29,
    type: 2}
  m_PrefabInternal: {fileID: 1251073410}
  serializedVersion: 6
  m_Component:
  - component: {fileID: 1145134135}
  m_Layer: 0
  m_Name: Bone037
  m_TagString: Untagged
  m_Icon: {fileID: 0}
  m_NavMeshLayer: 0
  m_StaticEditorFlags: 0
  m_IsActive: 1
--- !u!4 &1145134135
Transform:
  m_ObjectHideFlags: 0
  m_CorrespondingSourceObject: {fileID: 403130, guid: 8c66e2fd21d94be41ab66f591a280f29,
    type: 2}
  m_PrefabInternal: {fileID: 1251073410}
  m_GameObject: {fileID: 1145134134}
  m_LocalRotation: {x: 0.010690157, y: -0.046639927, z: 0.3025997, w: 0.9519159}
  m_LocalPosition: {x: -0.70319015, y: 0, z: 0}
  m_LocalScale: {x: 0.99999994, y: 0.99999994, z: 1}
  m_Children:
  - {fileID: 1714261020}
  m_Father: {fileID: 854745952}
  m_RootOrder: 0
  m_LocalEulerAnglesHint: {x: 0, y: 0, z: 0}
--- !u!1 &1173063913
GameObject:
  m_ObjectHideFlags: 0
  m_CorrespondingSourceObject: {fileID: 146024, guid: 8c66e2fd21d94be41ab66f591a280f29,
    type: 2}
  m_PrefabInternal: {fileID: 1251073410}
  serializedVersion: 6
  m_Component:
  - component: {fileID: 1173063914}
  m_Layer: 0
  m_Name: Bone056
  m_TagString: Untagged
  m_Icon: {fileID: 0}
  m_NavMeshLayer: 0
  m_StaticEditorFlags: 0
  m_IsActive: 1
--- !u!4 &1173063914
Transform:
  m_ObjectHideFlags: 0
  m_CorrespondingSourceObject: {fileID: 445188, guid: 8c66e2fd21d94be41ab66f591a280f29,
    type: 2}
  m_PrefabInternal: {fileID: 1251073410}
  m_GameObject: {fileID: 1173063913}
  m_LocalRotation: {x: -0.020464204, y: -0.16253185, z: -0.008460376, w: 0.9864548}
  m_LocalPosition: {x: -0.7652783, y: 0.10196026, z: -0.60926956}
  m_LocalScale: {x: 0.99999994, y: 0.9999999, z: 1}
  m_Children: []
  m_Father: {fileID: 975645040}
  m_RootOrder: 0
  m_LocalEulerAnglesHint: {x: 0, y: 0, z: 0}
--- !u!1 &1240238473
GameObject:
  m_ObjectHideFlags: 0
  m_CorrespondingSourceObject: {fileID: 117918, guid: 8c66e2fd21d94be41ab66f591a280f29,
    type: 2}
  m_PrefabInternal: {fileID: 1251073410}
  serializedVersion: 6
  m_Component:
  - component: {fileID: 1240238474}
  m_Layer: 0
  m_Name: Bone018
  m_TagString: Untagged
  m_Icon: {fileID: 0}
  m_NavMeshLayer: 0
  m_StaticEditorFlags: 0
  m_IsActive: 1
--- !u!4 &1240238474
Transform:
  m_ObjectHideFlags: 0
  m_CorrespondingSourceObject: {fileID: 439628, guid: 8c66e2fd21d94be41ab66f591a280f29,
    type: 2}
  m_PrefabInternal: {fileID: 1251073410}
  m_GameObject: {fileID: 1240238473}
  m_LocalRotation: {x: 0.40715095, y: 0.66893375, z: -0.5821584, w: 0.2187404}
  m_LocalPosition: {x: -0.64092815, y: -0.3476164, z: 0.34820405}
  m_LocalScale: {x: 0.99999994, y: 1, z: 0.99999994}
  m_Children:
  - {fileID: 485022612}
  m_Father: {fileID: 866712551}
  m_RootOrder: 2
  m_LocalEulerAnglesHint: {x: 0, y: 0, z: 0}
--- !u!1001 &1251073410
Prefab:
  m_ObjectHideFlags: 0
  serializedVersion: 2
  m_Modification:
    m_TransformParent: {fileID: 0}
    m_Modifications:
    - target: {fileID: 460866, guid: 8c66e2fd21d94be41ab66f591a280f29, type: 2}
      propertyPath: m_LocalPosition.x
      value: 0
      objectReference: {fileID: 0}
    - target: {fileID: 460866, guid: 8c66e2fd21d94be41ab66f591a280f29, type: 2}
      propertyPath: m_LocalPosition.y
      value: 0
      objectReference: {fileID: 0}
    - target: {fileID: 460866, guid: 8c66e2fd21d94be41ab66f591a280f29, type: 2}
      propertyPath: m_LocalPosition.z
      value: 0
      objectReference: {fileID: 0}
    - target: {fileID: 460866, guid: 8c66e2fd21d94be41ab66f591a280f29, type: 2}
      propertyPath: m_LocalRotation.x
      value: 0
      objectReference: {fileID: 0}
    - target: {fileID: 460866, guid: 8c66e2fd21d94be41ab66f591a280f29, type: 2}
      propertyPath: m_LocalRotation.y
      value: 0
      objectReference: {fileID: 0}
    - target: {fileID: 460866, guid: 8c66e2fd21d94be41ab66f591a280f29, type: 2}
      propertyPath: m_LocalRotation.z
      value: 0
      objectReference: {fileID: 0}
    - target: {fileID: 460866, guid: 8c66e2fd21d94be41ab66f591a280f29, type: 2}
      propertyPath: m_LocalRotation.w
      value: 1
      objectReference: {fileID: 0}
    - target: {fileID: 460866, guid: 8c66e2fd21d94be41ab66f591a280f29, type: 2}
      propertyPath: m_RootOrder
      value: 2
      objectReference: {fileID: 0}
    m_RemovedComponents: []
  m_SourcePrefab: {fileID: 100100000, guid: 8c66e2fd21d94be41ab66f591a280f29, type: 2}
  m_RootGameObject: {fileID: 958199918}
  m_IsPrefabAsset: 0
--- !u!1 &1266838935
GameObject:
  m_ObjectHideFlags: 0
  m_CorrespondingSourceObject: {fileID: 133734, guid: 8c66e2fd21d94be41ab66f591a280f29,
    type: 2}
  m_PrefabInternal: {fileID: 1251073410}
  serializedVersion: 6
  m_Component:
  - component: {fileID: 1266838936}
  m_Layer: 0
  m_Name: Bone047
  m_TagString: Untagged
  m_Icon: {fileID: 0}
  m_NavMeshLayer: 0
  m_StaticEditorFlags: 0
  m_IsActive: 1
--- !u!4 &1266838936
Transform:
  m_ObjectHideFlags: 0
  m_CorrespondingSourceObject: {fileID: 482960, guid: 8c66e2fd21d94be41ab66f591a280f29,
    type: 2}
  m_PrefabInternal: {fileID: 1251073410}
  m_GameObject: {fileID: 1266838935}
  m_LocalRotation: {x: 0.010690157, y: -0.046639927, z: 0.30259973, w: 0.9519159}
  m_LocalPosition: {x: -0.70319015, y: 0, z: 0}
  m_LocalScale: {x: 0.99999994, y: 0.99999994, z: 1}
  m_Children:
  - {fileID: 163260168}
  m_Father: {fileID: 1520645759}
  m_RootOrder: 0
  m_LocalEulerAnglesHint: {x: 0, y: 0, z: 0}
--- !u!1 &1269207713
GameObject:
  m_ObjectHideFlags: 0
  m_CorrespondingSourceObject: {fileID: 155782, guid: 8c66e2fd21d94be41ab66f591a280f29,
    type: 2}
  m_PrefabInternal: {fileID: 1251073410}
  serializedVersion: 6
  m_Component:
  - component: {fileID: 1269207714}
  m_Layer: 0
  m_Name: Bone040
  m_TagString: Untagged
  m_Icon: {fileID: 0}
  m_NavMeshLayer: 0
  m_StaticEditorFlags: 0
  m_IsActive: 1
--- !u!4 &1269207714
Transform:
  m_ObjectHideFlags: 0
  m_CorrespondingSourceObject: {fileID: 438078, guid: 8c66e2fd21d94be41ab66f591a280f29,
    type: 2}
  m_PrefabInternal: {fileID: 1251073410}
  m_GameObject: {fileID: 1269207713}
  m_LocalRotation: {x: 0.0008872086, y: -0.031446606, z: 0.028185392, w: 0.9991076}
  m_LocalPosition: {x: -0.7494818, y: 0.00000030517577, z: 0.000000114440915}
  m_LocalScale: {x: 1, y: 1, z: 1}
  m_Children:
  - {fileID: 1011191669}
  m_Father: {fileID: 298384390}
  m_RootOrder: 0
  m_LocalEulerAnglesHint: {x: 0, y: 0, z: 0}
--- !u!1 &1453481813
GameObject:
  m_ObjectHideFlags: 0
  m_CorrespondingSourceObject: {fileID: 124324, guid: 8c66e2fd21d94be41ab66f591a280f29,
    type: 2}
  m_PrefabInternal: {fileID: 1251073410}
  serializedVersion: 6
  m_Component:
  - component: {fileID: 1453481814}
  m_Layer: 0
  m_Name: Bone059
  m_TagString: Untagged
  m_Icon: {fileID: 0}
  m_NavMeshLayer: 0
  m_StaticEditorFlags: 0
  m_IsActive: 1
--- !u!4 &1453481814
Transform:
  m_ObjectHideFlags: 0
  m_CorrespondingSourceObject: {fileID: 427058, guid: 8c66e2fd21d94be41ab66f591a280f29,
    type: 2}
  m_PrefabInternal: {fileID: 1251073410}
  m_GameObject: {fileID: 1453481813}
  m_LocalRotation: {x: 0.94025946, y: 0.34041378, z: 0.00038124513, w: 0.0055179466}
  m_LocalPosition: {x: -0.94050705, y: 1.0208724, z: -0.024499817}
  m_LocalScale: {x: -1.0000004, y: -1, z: -0.99999994}
  m_Children:
  - {fileID: 896748518}
  m_Father: {fileID: 866712551}
  m_RootOrder: 10
  m_LocalEulerAnglesHint: {x: 0, y: 0, z: 0}
--- !u!1 &1520645758
GameObject:
  m_ObjectHideFlags: 0
  m_CorrespondingSourceObject: {fileID: 120008, guid: 8c66e2fd21d94be41ab66f591a280f29,
    type: 2}
  m_PrefabInternal: {fileID: 1251073410}
  serializedVersion: 6
  m_Component:
  - component: {fileID: 1520645759}
  m_Layer: 0
  m_Name: Bone046
  m_TagString: Untagged
  m_Icon: {fileID: 0}
  m_NavMeshLayer: 0
  m_StaticEditorFlags: 0
  m_IsActive: 1
--- !u!4 &1520645759
Transform:
  m_ObjectHideFlags: 0
  m_CorrespondingSourceObject: {fileID: 430980, guid: 8c66e2fd21d94be41ab66f591a280f29,
    type: 2}
  m_PrefabInternal: {fileID: 1251073410}
  m_GameObject: {fileID: 1520645758}
  m_LocalRotation: {x: -0.61653286, y: -0.3411856, z: 0.62063485, w: 0.3439362}
  m_LocalPosition: {x: -1.2431809, y: 0.9554619, z: -0.3475318}
  m_LocalScale: {x: -1.0000001, y: -0.99999994, z: -1}
  m_Children:
  - {fileID: 1266838936}
  m_Father: {fileID: 866712551}
  m_RootOrder: 6
  m_LocalEulerAnglesHint: {x: 0, y: 0, z: 0}
--- !u!1 &1590157829
GameObject:
  m_ObjectHideFlags: 0
  m_CorrespondingSourceObject: {fileID: 175610, guid: 8c66e2fd21d94be41ab66f591a280f29,
    type: 2}
  m_PrefabInternal: {fileID: 1251073410}
  serializedVersion: 6
  m_Component:
  - component: {fileID: 1590157830}
  m_Layer: 0
  m_Name: Bone050
  m_TagString: Untagged
  m_Icon: {fileID: 0}
  m_NavMeshLayer: 0
  m_StaticEditorFlags: 0
  m_IsActive: 1
--- !u!4 &1590157830
Transform:
  m_ObjectHideFlags: 0
  m_CorrespondingSourceObject: {fileID: 484686, guid: 8c66e2fd21d94be41ab66f591a280f29,
    type: 2}
  m_PrefabInternal: {fileID: 1251073410}
  m_GameObject: {fileID: 1590157829}
  m_LocalRotation: {x: 0.010690154, y: -0.046639916, z: 0.30259967, w: 0.9519159}
  m_LocalPosition: {x: -0.7031902, y: 0, z: 0}
  m_LocalScale: {x: 0.99999994, y: 0.99999994, z: 1}
  m_Children:
  - {fileID: 1686190946}
  m_Father: {fileID: 2008304307}
  m_RootOrder: 0
  m_LocalEulerAnglesHint: {x: 0, y: 0, z: 0}
--- !u!1 &1686190945
GameObject:
  m_ObjectHideFlags: 0
  m_CorrespondingSourceObject: {fileID: 192126, guid: 8c66e2fd21d94be41ab66f591a280f29,
    type: 2}
  m_PrefabInternal: {fileID: 1251073410}
  serializedVersion: 6
  m_Component:
  - component: {fileID: 1686190946}
  m_Layer: 0
  m_Name: Bone051
  m_TagString: Untagged
  m_Icon: {fileID: 0}
  m_NavMeshLayer: 0
  m_StaticEditorFlags: 0
  m_IsActive: 1
--- !u!4 &1686190946
Transform:
  m_ObjectHideFlags: 0
  m_CorrespondingSourceObject: {fileID: 430906, guid: 8c66e2fd21d94be41ab66f591a280f29,
    type: 2}
  m_PrefabInternal: {fileID: 1251073410}
  m_GameObject: {fileID: 1686190945}
  m_LocalRotation: {x: 0.012797275, y: -0.11157671, z: 0.19534059, w: 0.9742838}
  m_LocalPosition: {x: -0.42661792, y: -0.00000015258789, z: 0}
  m_LocalScale: {x: 1, y: 1, z: 1}
  m_Children: []
  m_Father: {fileID: 1590157830}
  m_RootOrder: 0
  m_LocalEulerAnglesHint: {x: 0, y: 0, z: 0}
--- !u!1 &1688780507
GameObject:
  m_ObjectHideFlags: 0
  m_CorrespondingSourceObject: {fileID: 0}
  m_PrefabInternal: {fileID: 0}
  serializedVersion: 6
  m_Component:
  - component: {fileID: 1688780509}
  - component: {fileID: 1688780508}
  m_Layer: 0
  m_Name: Directional Light
  m_TagString: Untagged
  m_Icon: {fileID: 0}
  m_NavMeshLayer: 0
  m_StaticEditorFlags: 0
  m_IsActive: 1
--- !u!108 &1688780508
Light:
  m_ObjectHideFlags: 0
  m_CorrespondingSourceObject: {fileID: 0}
  m_PrefabInternal: {fileID: 0}
  m_GameObject: {fileID: 1688780507}
  m_Enabled: 1
  serializedVersion: 8
  m_Type: 1
  m_Color: {r: 1, g: 0.95686275, b: 0.8392157, a: 1}
  m_Intensity: 1
  m_Range: 10
  m_SpotAngle: 30
  m_CookieSize: 10
  m_Shadows:
    m_Type: 2
    m_Resolution: -1
    m_CustomResolution: -1
    m_Strength: 1
    m_Bias: 0.05
    m_NormalBias: 0.4
    m_NearPlane: 0.2
  m_Cookie: {fileID: 0}
  m_DrawHalo: 0
  m_Flare: {fileID: 0}
  m_RenderMode: 0
  m_CullingMask:
    serializedVersion: 2
    m_Bits: 4294967295
  m_Lightmapping: 4
  m_LightShadowCasterMode: 0
  m_AreaSize: {x: 1, y: 1}
  m_BounceIntensity: 1
  m_ColorTemperature: 6570
  m_UseColorTemperature: 0
  m_ShadowRadius: 0
  m_ShadowAngle: 0
--- !u!4 &1688780509
Transform:
  m_ObjectHideFlags: 0
  m_CorrespondingSourceObject: {fileID: 0}
  m_PrefabInternal: {fileID: 0}
  m_GameObject: {fileID: 1688780507}
  m_LocalRotation: {x: 0.40821794, y: -0.23456973, z: 0.109381676, w: 0.87542605}
  m_LocalPosition: {x: 0, y: 3, z: 0}
  m_LocalScale: {x: 1, y: 1, z: 1}
  m_Children: []
  m_Father: {fileID: 0}
  m_RootOrder: 1
  m_LocalEulerAnglesHint: {x: 0, y: 0, z: 0}
--- !u!1 &1707257245
GameObject:
  m_ObjectHideFlags: 0
  m_CorrespondingSourceObject: {fileID: 199008, guid: 8c66e2fd21d94be41ab66f591a280f29,
    type: 2}
  m_PrefabInternal: {fileID: 1251073410}
  serializedVersion: 6
  m_Component:
  - component: {fileID: 1707257246}
  m_Layer: 0
  m_Name: Bone025
  m_TagString: Untagged
  m_Icon: {fileID: 0}
  m_NavMeshLayer: 0
  m_StaticEditorFlags: 0
  m_IsActive: 1
--- !u!4 &1707257246
Transform:
  m_ObjectHideFlags: 0
  m_CorrespondingSourceObject: {fileID: 474758, guid: 8c66e2fd21d94be41ab66f591a280f29,
    type: 2}
  m_PrefabInternal: {fileID: 1251073410}
  m_GameObject: {fileID: 1707257245}
  m_LocalRotation: {x: 0.010690156, y: -0.04663993, z: 0.30259964, w: 0.9519159}
  m_LocalPosition: {x: -0.70319015, y: 0, z: 0}
  m_LocalScale: {x: 0.99999994, y: 0.99999994, z: 1}
  m_Children:
  - {fileID: 2088230459}
  m_Father: {fileID: 2090606615}
  m_RootOrder: 0
  m_LocalEulerAnglesHint: {x: 0, y: 0, z: 0}
--- !u!1 &1714261019
GameObject:
  m_ObjectHideFlags: 0
  m_CorrespondingSourceObject: {fileID: 114492, guid: 8c66e2fd21d94be41ab66f591a280f29,
    type: 2}
  m_PrefabInternal: {fileID: 1251073410}
  serializedVersion: 6
  m_Component:
  - component: {fileID: 1714261020}
  m_Layer: 0
  m_Name: Bone038
  m_TagString: Untagged
  m_Icon: {fileID: 0}
  m_NavMeshLayer: 0
  m_StaticEditorFlags: 0
  m_IsActive: 1
--- !u!4 &1714261020
Transform:
  m_ObjectHideFlags: 0
  m_CorrespondingSourceObject: {fileID: 404306, guid: 8c66e2fd21d94be41ab66f591a280f29,
    type: 2}
  m_PrefabInternal: {fileID: 1251073410}
  m_GameObject: {fileID: 1714261019}
  m_LocalRotation: {x: 0.012797272, y: -0.1115767, z: 0.1953406, w: 0.9742838}
  m_LocalPosition: {x: -0.4266179, y: -0.00000015258789, z: 0}
  m_LocalScale: {x: 1, y: 1, z: 1}
  m_Children: []
  m_Father: {fileID: 1145134135}
  m_RootOrder: 0
  m_LocalEulerAnglesHint: {x: 0, y: 0, z: 0}
--- !u!1 &1826210554
GameObject:
  m_ObjectHideFlags: 0
  m_CorrespondingSourceObject: {fileID: 150274, guid: 8c66e2fd21d94be41ab66f591a280f29,
    type: 2}
  m_PrefabInternal: {fileID: 1251073410}
  serializedVersion: 6
  m_Component:
  - component: {fileID: 1826210555}
  m_Layer: 0
  m_Name: Bone003
  m_TagString: Untagged
  m_Icon: {fileID: 0}
  m_NavMeshLayer: 0
  m_StaticEditorFlags: 0
  m_IsActive: 1
--- !u!4 &1826210555
Transform:
  m_ObjectHideFlags: 0
  m_CorrespondingSourceObject: {fileID: 461340, guid: 8c66e2fd21d94be41ab66f591a280f29,
    type: 2}
  m_PrefabInternal: {fileID: 1251073410}
  m_GameObject: {fileID: 1826210554}
  m_LocalRotation: {x: 0.6651865, y: -0.20763597, z: 0.18569236, w: 0.6927716}
  m_LocalPosition: {x: -0.7869659, y: 0, z: -0.00000015258789}
  m_LocalScale: {x: 0.99999994, y: 0.99999994, z: 1}
  m_Children: []
  m_Father: {fileID: 1994078083}
  m_RootOrder: 0
  m_LocalEulerAnglesHint: {x: 0, y: 0, z: 0}
--- !u!1 &1972711502
GameObject:
  m_ObjectHideFlags: 0
  m_CorrespondingSourceObject: {fileID: 130866, guid: 8c66e2fd21d94be41ab66f591a280f29,
    type: 2}
  m_PrefabInternal: {fileID: 1251073410}
  serializedVersion: 6
  m_Component:
  - component: {fileID: 1972711503}
  - component: {fileID: 1972711504}
  m_Layer: 0
  m_Name: Object001
  m_TagString: Untagged
  m_Icon: {fileID: 0}
  m_NavMeshLayer: 0
  m_StaticEditorFlags: 0
  m_IsActive: 1
--- !u!4 &1972711503
Transform:
  m_ObjectHideFlags: 0
  m_CorrespondingSourceObject: {fileID: 451652, guid: 8c66e2fd21d94be41ab66f591a280f29,
    type: 2}
  m_PrefabInternal: {fileID: 1251073410}
  m_GameObject: {fileID: 1972711502}
  m_LocalRotation: {x: -0.7071068, y: 0, z: -0, w: 0.7071068}
  m_LocalPosition: {x: 0.000001704786, y: 0.00000061035155, z: -0.004731636}
  m_LocalScale: {x: 1, y: 1, z: 1}
  m_Children: []
  m_Father: {fileID: 958199920}
  m_RootOrder: 1
  m_LocalEulerAnglesHint: {x: 0, y: 0, z: 0}
--- !u!137 &1972711504
SkinnedMeshRenderer:
  m_ObjectHideFlags: 0
  m_CorrespondingSourceObject: {fileID: 13707026, guid: 8c66e2fd21d94be41ab66f591a280f29,
    type: 2}
  m_PrefabInternal: {fileID: 1251073410}
  m_GameObject: {fileID: 1972711502}
  m_Enabled: 1
  m_CastShadows: 1
  m_ReceiveShadows: 1
  m_DynamicOccludee: 1
  m_MotionVectors: 1
  m_LightProbeUsage: 1
  m_ReflectionProbeUsage: 1
  m_RenderingLayerMask: 4294967295
  m_Materials:
  - {fileID: 2100000, guid: 5a1afec093cc2b44781a22776fcfbbcd, type: 2}
  m_StaticBatchInfo:
    firstSubMesh: 0
    subMeshCount: 0
  m_StaticBatchRoot: {fileID: 0}
  m_ProbeAnchor: {fileID: 0}
  m_LightProbeVolumeOverride: {fileID: 0}
  m_ScaleInLightmap: 1
  m_PreserveUVs: 0
  m_IgnoreNormalsForChartDetection: 0
  m_ImportantGI: 0
  m_StitchLightmapSeams: 0
  m_SelectedEditorRenderState: 3
  m_MinimumChartSize: 4
  m_AutoUVMaxDistance: 0.5
  m_AutoUVMaxAngle: 89
  m_LightmapParameters: {fileID: 0}
  m_SortingLayerID: 0
  m_SortingLayer: 0
  m_SortingOrder: 0
  serializedVersion: 2
  m_Quality: 0
  m_UpdateWhenOffscreen: 0
  m_SkinnedMotionVectors: 1
  m_Mesh: {fileID: 4300000, guid: c237153f6d7c38c4ab2b9dcff68da089, type: 3}
  m_Bones:
  - {fileID: 866712551}
  - {fileID: 2008304307}
  - {fileID: 1520645759}
  - {fileID: 991247572}
  - {fileID: 1453481814}
  - {fileID: 244610502}
  - {fileID: 1590157830}
  - {fileID: 1686190946}
  - {fileID: 1266838936}
  - {fileID: 163260168}
  - {fileID: 678580686}
  - {fileID: 896748518}
  - {fileID: 448464920}
  - {fileID: 854745952}
  - {fileID: 2090606615}
  - {fileID: 1994078083}
  - {fileID: 109431947}
  - {fileID: 1145134135}
  - {fileID: 1714261020}
  - {fileID: 1707257246}
  - {fileID: 2088230459}
  - {fileID: 1826210555}
  - {fileID: 975645040}
  - {fileID: 1173063914}
  - {fileID: 1011191669}
  - {fileID: 298384390}
  - {fileID: 1269207714}
  - {fileID: 401463123}
  - {fileID: 1240238474}
  - {fileID: 485022612}
  m_BlendShapeWeights: []
  m_RootBone: {fileID: 866712551}
  m_AABB:
    m_Center: {x: -2.3928704, y: -0.038083076, z: 2.7023146}
    m_Extent: {x: 6.688253, y: 5.4493723, z: 5.1037245}
  m_DirtyAABB: 0
--- !u!1 &1994078082
GameObject:
  m_ObjectHideFlags: 0
  m_CorrespondingSourceObject: {fileID: 164816, guid: 8c66e2fd21d94be41ab66f591a280f29,
    type: 2}
  m_PrefabInternal: {fileID: 1251073410}
  serializedVersion: 6
  m_Component:
  - component: {fileID: 1994078083}
  m_Layer: 0
  m_Name: Bone002
  m_TagString: Untagged
  m_Icon: {fileID: 0}
  m_NavMeshLayer: 0
  m_StaticEditorFlags: 0
  m_IsActive: 1
--- !u!4 &1994078083
Transform:
  m_ObjectHideFlags: 0
  m_CorrespondingSourceObject: {fileID: 498604, guid: 8c66e2fd21d94be41ab66f591a280f29,
    type: 2}
  m_PrefabInternal: {fileID: 1251073410}
  m_GameObject: {fileID: 1994078082}
  m_LocalRotation: {x: -0.018452743, y: 0.0074968343, z: 0.9262757, w: 0.37631994}
  m_LocalPosition: {x: -0.38346922, y: -0.24108768, z: -0.18089385}
  m_LocalScale: {x: 1, y: 1, z: 1}
  m_Children:
  - {fileID: 1826210555}
  m_Father: {fileID: 866712551}
  m_RootOrder: 0
  m_LocalEulerAnglesHint: {x: 0, y: 0, z: 0}
--- !u!1 &2008304306
GameObject:
  m_ObjectHideFlags: 0
  m_CorrespondingSourceObject: {fileID: 111912, guid: 8c66e2fd21d94be41ab66f591a280f29,
    type: 2}
  m_PrefabInternal: {fileID: 1251073410}
  serializedVersion: 6
  m_Component:
  - component: {fileID: 2008304307}
  m_Layer: 0
  m_Name: Bone049
  m_TagString: Untagged
  m_Icon: {fileID: 0}
  m_NavMeshLayer: 0
  m_StaticEditorFlags: 0
  m_IsActive: 1
--- !u!4 &2008304307
Transform:
  m_ObjectHideFlags: 0
  m_CorrespondingSourceObject: {fileID: 458422, guid: 8c66e2fd21d94be41ab66f591a280f29,
    type: 2}
  m_PrefabInternal: {fileID: 1251073410}
  m_GameObject: {fileID: 2008304306}
  m_LocalRotation: {x: 0.62058926, y: 0.33892304, z: -0.61657846, w: -0.34616634}
  m_LocalPosition: {x: -1.8902414, y: 0.9630387, z: -0.3475318}
  m_LocalScale: {x: -1.0000005, y: -1.0000002, z: -1.0000001}
  m_Children:
  - {fileID: 1590157830}
  m_Father: {fileID: 866712551}
  m_RootOrder: 7
  m_LocalEulerAnglesHint: {x: 0, y: 0, z: 0}
--- !u!1 &2088230458
GameObject:
  m_ObjectHideFlags: 0
  m_CorrespondingSourceObject: {fileID: 193368, guid: 8c66e2fd21d94be41ab66f591a280f29,
    type: 2}
  m_PrefabInternal: {fileID: 1251073410}
  serializedVersion: 6
  m_Component:
  - component: {fileID: 2088230459}
  m_Layer: 0
  m_Name: Bone026
  m_TagString: Untagged
  m_Icon: {fileID: 0}
  m_NavMeshLayer: 0
  m_StaticEditorFlags: 0
  m_IsActive: 1
--- !u!4 &2088230459
Transform:
  m_ObjectHideFlags: 0
  m_CorrespondingSourceObject: {fileID: 453126, guid: 8c66e2fd21d94be41ab66f591a280f29,
    type: 2}
  m_PrefabInternal: {fileID: 1251073410}
  m_GameObject: {fileID: 2088230458}
  m_LocalRotation: {x: 0.012797276, y: -0.1115767, z: 0.19534063, w: 0.9742838}
  m_LocalPosition: {x: -0.4266178, y: -0.00000015258789, z: 0}
  m_LocalScale: {x: 1, y: 1, z: 1}
  m_Children: []
  m_Father: {fileID: 1707257246}
  m_RootOrder: 0
  m_LocalEulerAnglesHint: {x: 0, y: 0, z: 0}
--- !u!1 &2090606614
GameObject:
  m_ObjectHideFlags: 0
  m_CorrespondingSourceObject: {fileID: 104054, guid: 8c66e2fd21d94be41ab66f591a280f29,
    type: 2}
  m_PrefabInternal: {fileID: 1251073410}
  serializedVersion: 6
  m_Component:
  - component: {fileID: 2090606615}
  m_Layer: 0
  m_Name: Bone024
  m_TagString: Untagged
  m_Icon: {fileID: 0}
  m_NavMeshLayer: 0
  m_StaticEditorFlags: 0
  m_IsActive: 1
--- !u!4 &2090606615
Transform:
  m_ObjectHideFlags: 0
  m_CorrespondingSourceObject: {fileID: 403314, guid: 8c66e2fd21d94be41ab66f591a280f29,
    type: 2}
  m_PrefabInternal: {fileID: 1251073410}
  m_GameObject: {fileID: 2090606614}
  m_LocalRotation: {x: 0.62461925, y: 0.3366458, z: 0.61249566, w: 0.3483812}
  m_LocalPosition: {x: -1.2652131, y: -0.926092, z: -0.3475318}
  m_LocalScale: {x: 1, y: 0.99999994, z: 1}
  m_Children:
  - {fileID: 1707257246}
  m_Father: {fileID: 866712551}
  m_RootOrder: 3
  m_LocalEulerAnglesHint: {x: 0, y: 0, z: 0}
